@misc{RediDoc,
  title = {Redis Documentation},
  howpublished = {\url{https://redis.io/documentation}},
  note = {Acessado: 08-12-2016}
}

@misc{RedisSentinel,
  title = {Redis Sentinel Documentation},
  howpublished = {\url{https://redis.io/topics/sentinel}},
  note = {Acessado: 08-12-2016}
}

@misc{RediPubSub,
  title = {Redis Publish/Subscribe},
  howpublished = {\url{https://redis.io/topics/pubsub}},
  note = {Acessado: 08-12-2016}
}

@misc{RediData,
  title = {Redis Data Types},
  howpublished = {\url{https://redis.io/topics/data-types-intro}},
  note = {Acessado: 08-12-2016}
}

@misc{RediCom,
  title = {Redis Commands},
  howpublished = {\url{https://redis.io/commands}},
  note = {Acessado: 08-12-2016}
}

@misc{Rss,
  title = {Rss},
  howpublished = {\url{https://pt.wikipedia.org/wiki/RSS}},
  note = {Acessado: 08-12-2016}
}

@misc{InfoRss,
  title = {Rss},
  howpublished = {\url{http://www.infowester.com/rss.php}},
  note = {Acessado: 08-12-2016}
}

@misc{PubSub,
  title = {Pub/Sub Pattern},
  howpublished = {\url{https://en.wikipedia.org/wiki/Publish%E2%80%93subscribe_pattern}},
  note = {Acessado: 08-12-2016}
}